@article {Zfinitegrading,
    AUTHOR = {Zelmanov, E. I.},
     TITLE = {Lie algebras with finite gradation},
   JOURNAL = {Mat. Sb. (N.S.)},
  FJOURNAL = {Matematicheski\u\i\ Sbornik. Novaya Seriya},
    VOLUME = {124(166)},
      YEAR = {1984},
    NUMBER = {3},
     PAGES = {353--392},
      ISSN = {0368-8666},
   MRCLASS = {17B70 (17C50)},
  MRNUMBER = {752226 (86d:17016)},
MRREVIEWER = {Helmut Boseck},
}
